@article{nakamura2018identification,
  title={Identification in macroeconomics},
  author={Nakamura, Emi and Steinsson, J{\'o}n},
  journal={Journal of Economic Perspectives},
  volume={32},
  number={3},
  pages={59--86},
  year={2018}
}

@article{goldsmith2020bartik,
  title={Bartik instruments: What, when, why, and how},
  author={Goldsmith-Pinkham, Paul and Sorkin, Isaac and Swift, Henry},
  journal={American Economic Review},
  volume={110},
  number={8},
  pages={2586--2624},
  year={2020}
}

@article{borusyak2021revisiting,
  title={Revisiting event study designs: Robust and efficient estimation},
  author={Borusyak, Kirill and Jaravel, Xavier and Spiess, Jann},
  journal={arXiv preprint arXiv:2108.12419},
  year={2021}
}

@article{borusyak2022quasi,
  title={Quasi-experimental shift-share research designs},
  author={Borusyak, Kirill and Hull, Peter and Jaravel, Xavier},
  journal={The Review of Economic Studies},
  volume={89},
  number={1},
  pages={181--213},
  year={2022},
  publisher={Oxford University Press}
}

@article{adao2019shift,
  title={Shift-share designs: Theory and inference},
  author={Adao, Rodrigo and Koles{\'a}r, Michal and Morales, Eduardo},
  journal={The Quarterly Journal of Economics},
  volume={134},
  number={4},
  pages={1949--2010},
  year={2019},
  publisher={Oxford University Press}
}

@article{nakamura2014fiscal,
  title={Fiscal stimulus in a monetary union: Evidence from US regions},
  author={Nakamura, Emi and Steinsson, Jon},
  journal={American Economic Review},
  volume={104},
  number={3},
  pages={753--92},
  year={2014}
}

@article{mckay2016power,
  title={The power of forward guidance revisited},
  author={McKay, Alisdair and Nakamura, Emi and Steinsson, J{\'o}n},
  journal={American Economic Review},
  volume={106},
  number={10},
  pages={3133--58},
  year={2016}
}

@article{chodorow2014employment,
  title={The employment effects of credit market disruptions: Firm-level evidence from the 2008--9 financial crisis},
  author={Chodorow-Reich, Gabriel},
  journal={The Quarterly Journal of Economics},
  volume={129},
  number={1},
  pages={1--59},
  year={2014},
  publisher={MIT Press}
}

@article{chodorow2019geographic,
  title={Geographic cross-sectional fiscal spending multipliers: What have we learned?},
  author={Chodorow-Reich, Gabriel},
  journal={American Economic Journal: Economic Policy},
  volume={11},
  number={2},
  pages={1--34},
  year={2019}
}

@article{chodorow2020regional,
  title={Regional data in macroeconomics: Some advice for practitioners},
  author={Chodorow-Reich, Gabriel},
  journal={Journal of Economic Dynamics and Control},
  volume={115},
  pages={103875},
  year={2020},
  publisher={Elsevier}
}

@article{chodorow2020secular,
  title={Secular labor reallocation and business cycles},
  author={Chodorow-Reich, Gabriel and Wieland, Johannes},
  journal={Journal of Political Economy},
  volume={128},
  number={6},
  pages={2245--2287},
  year={2020},
  publisher={The University of Chicago Press Chicago, IL}
}

@techreport{hazell2020slope,
  title={The slope of the Phillips Curve: evidence from US states},
  author={Hazell, Jonathon and Herreno, Juan and Nakamura, Emi and Steinsson, J{\'o}n},
  year={2020},
  institution={National Bureau of Economic Research}
}

@article{mckay2021lumpy,
  title={Lumpy durable consumption demand and the limited ammunition of monetary policy},
  author={McKay, Alisdair and Wieland, Johannes F},
  journal={Econometrica},
  volume={89},
  number={6},
  pages={2717--2749},
  year={2021},
  publisher={Wiley Online Library}
}

@article{hausman2019recovery,
  title={Recovery from the great depression: The farm channel in spring 1933},
  author={Hausman, Joshua K and Rhode, Paul W and Wieland, Johannes F},
  journal={American Economic Review},
  volume={109},
  number={2},
  pages={427--72},
  year={2019}
}

@article{mckay2022forward,
  title={Forward guidance and durable goods demand},
  author={McKay, Alisdair and Wieland, Johannes F},
  journal={American Economic Review: Insights},
  volume={4},
  number={1},
  pages={106--22},
  year={2022}
}

@article{mian2013household,
  title={Household balance sheets, consumption, and the economic slump},
  author={Mian, Atif and Rao, Kamalesh and Sufi, Amir},
  journal={The Quarterly Journal of Economics},
  volume={128},
  number={4},
  pages={1687--1726},
  year={2013},
  publisher={MIT Press}
}

@article{mian2014explains,
  title={What explains the 2007--2009 drop in employment?},
  author={Mian, Atif and Sufi, Amir},
  journal={Econometrica},
  volume={82},
  number={6},
  pages={2197--2223},
  year={2014},
  publisher={Wiley Online Library}
}

@article{huber2018disentangling,
  title={Disentangling the effects of a banking crisis: Evidence from German firms and counties},
  author={Huber, Kilian},
  journal={American Economic Review},
  volume={108},
  number={3},
  pages={868--98},
  year={2018}
}

@article{herreno2020aggregate,
  title={The aggregate effects of bank lending cuts},
  author={Herre{\~n}o, Juan},
  journal={Unpublished working paper, Columbia University},
  year={2020}
}

@article{mondragon2022housing,
  title={Housing Demand and Remote Work},
  author={Modragon, John and Wieland, Johannes},
  year={2022}
}

@techreport{wolf2021missing,
  title={The missing intercept: A demand equivalence approach},
  author={Wolf, Christian K},
  year={2021},
  institution={National Bureau of Economic Research}
}

@article{koby2020aggregation,
  title={Aggregation in heterogeneous-firm models: Theory and measurement},
  author={Koby, Yann and Wolf, Christian},
  journal={Manuscript, July},
  year={2020}
}

@techreport{borusyak2020non,
  title={Non-random exposure to exogenous shocks: Theory and applications},
  author={Borusyak, Kirill and Hull, Peter},
  year={2020},
  institution={National Bureau of Economic Research}
}

@article{carvalho2021supply,
  title={Supply chain disruptions: Evidence from the great east japan earthquake},
  author={Carvalho, Vasco M and Nirei, Makoto and Saito, Yukiko U and Tahbaz-Salehi, Alireza},
  journal={The Quarterly Journal of Economics},
  volume={136},
  number={2},
  pages={1255--1321},
  year={2021},
  publisher={Oxford University Press}
}

@article{guren2021housing,
  title={Housing wealth effects: The long view},
  author={Guren, Adam M and McKay, Alisdair and Nakamura, Emi and Steinsson, J{\'o}n},
  journal={The Review of Economic Studies},
  volume={88},
  number={2},
  pages={669--707},
  year={2021},
  publisher={Oxford University Press}
}

@article{parker2013consumer,
  title={Consumer spending and the economic stimulus payments of 2008},
  author={Parker, Jonathan A and Souleles, Nicholas S and Johnson, David S and McClelland, Robert},
  journal={American Economic Review},
  volume={103},
  number={6},
  pages={2530--53},
  year={2013}
}

@article{fagereng2021mpc,
  title={MPC heterogeneity and household balance sheets},
  author={Fagereng, Andreas and Holm, Martin B and Natvik, Gisle J},
  journal={American Economic Journal: Macroeconomics},
  volume={13},
  number={4},
  pages={1--54},
  year={2021}
}

@article{best2020estimating,
  title={Estimating the elasticity of intertemporal substitution using mortgage notches},
  author={Best, Michael Carlos and Cloyne, James S and Ilzetzki, Ethan and Kleven, Henrik J},
  journal={The Review of Economic Studies},
  volume={87},
  number={2},
  pages={656--690},
  year={2020},
  publisher={Oxford University Press}
}

@article{cloyne2019effect,
  title={The effect of house prices on household borrowing: a new approach},
  author={Cloyne, James and Huber, Kilian and Ilzetzki, Ethan and Kleven, Henrik},
  journal={American Economic Review},
  volume={109},
  number={6},
  pages={2104--36},
  year={2019}
}

@article{kaplan2020housing,
  title={The housing boom and bust: Model meets evidence},
  author={Kaplan, Greg and Mitman, Kurt and Violante, Giovanni L},
  journal={Journal of Political Economy},
  volume={128},
  number={9},
  pages={3285--3345},
  year={2020},
  publisher={The University of Chicago Press Chicago, IL}
}

@article{kaplan2018monetary,
  title={Monetary policy according to HANK},
  author={Kaplan, Greg and Moll, Benjamin and Violante, Giovanni L},
  journal={American Economic Review},
  volume={108},
  number={3},
  pages={697--743},
  year={2018}
}

@article{kaplan2014model,
  title={A model of the consumption response to fiscal stimulus payments},
  author={Kaplan, Greg and Violante, Giovanni L},
  journal={Econometrica},
  volume={82},
  number={4},
  pages={1199--1239},
  year={2014},
  publisher={Wiley Online Library}
}

@techreport{auclert2020micro,
  title={Micro jumps, macro humps: Monetary policy and business cycles in an estimated HANK model},
  author={Auclert, Adrien and Rognlie, Matthew and Straub, Ludwig},
  year={2020},
  institution={National Bureau of Economic Research}
}

@article{auclert2021using,
  title={Using the sequence-space Jacobian to solve and estimate heterogeneous-agent models},
  author={Auclert, Adrien and Bard{\'o}czy, Bence and Rognlie, Matthew and Straub, Ludwig},
  journal={Econometrica},
  volume={89},
  number={5},
  pages={2375--2408},
  year={2021},
  publisher={Wiley Online Library}
}

@article{auclert2021mpcs,
  title={MPCs, MPEs, and multipliers: A trilemma for New Keynesian models},
  author={Auclert, Adrien and Bard{\'o}czy, Bence and Rognlie, Matthew},
  journal={The Review of Economics and Statistics},
  pages={1--41},
  year={2021}
}

@article{debortoli2017monetary,
  title={Monetary policy with heterogeneous agents: Insights from TANK models},
  author={Debortoli, Davide and Gal{\'\i}, Jordi},
  year={2017}
}

@techreport{werning2015incomplete,
  title={Incomplete markets and aggregate demand},
  author={Werning, Iv{\'a}n},
  year={2015},
  institution={National Bureau of Economic Research}
}

@techreport{kekre2021monetary,
  title={Monetary policy, redistribution, and risk premia},
  author={Kekre, Rohan and Lenel, Moritz},
  year={2021},
  institution={National Bureau of Economic Research}
}

@article{drenik2019measuring,
  title={Measuring Information Frictions: Evidence from Capital Markets},
  author={Drenik, Andres and Herreno, Juan and Ottonello, Pablo},
  year={2019},
  publisher={mimeo}
}

@article{orchard2022micro,
  title={Micro MPCs and Macro Counterfactuals: The Case of the 2008 Rebates},
  author={Orchard, Jacob and Ramey, Valerie and Wieland, Johannes},
  year={2022},
  publisher={mimeo}
}

@book{bartik1991benefits,
  title={Who benefits from state and local economic development policies? Kalamazoo, MI: WE Upjohn Institute for Employment Research},
  author={Bartik, Timothy J},
  year={1991}
}

@article{berger2021mortgage,
  title={Mortgage prepayment and path-dependent effects of monetary policy},
  author={Berger, David and Milbradt, Konstantin and Tourre, Fabrice and Vavra, Joseph},
  journal={American Economic Review},
  volume={111},
  number={9},
  pages={2829--78},
  year={2021}
}

@article{baley2022long,
  title={The long-run effects of corporate tax reforms},
  author={Baley, Isaac and Blanco, Julio},
  year={2022},
  publisher={CEPR Discussion Paper No. DP16936}
}

@article{ottonello2020financial,
  title={Financial heterogeneity and the investment channel of monetary policy},
  author={Ottonello, Pablo and Winberry, Thomas},
  journal={Econometrica},
  volume={88},
  number={6},
  pages={2473--2502},
  year={2020},
  publisher={Wiley Online Library}
}

@article{mcleay2020optimal,
  title={Optimal inflation and the identification of the Phillips curve},
  author={McLeay, Michael and Tenreyro, Silvana},
  journal={NBER Macroeconomics Annual},
  volume={34},
  number={1},
  pages={199--255},
  year={2020},
  publisher={The University of Chicago Press Chicago, IL}
}

@article{catherine2018quantifying,
  title={Quantifying reduced-form evidence on collateral constraints},
  author={Catherine, Sylvain and Chaney, Thomas and Huang, Zongbo and Sraer, David Alexandre and Thesmar, David},
  journal={Available at SSRN 2631055},
  year={2018}
}

@article{huber2021estimating,
  title={Estimating General Equilibrium Spillovers of Large-Scale Shocks},
  author={Huber, Kilian},
  year={2021},
  publisher={CEPR Discussion Paper No. DP15943}
}

@article{mian2019estimating,
  title={Estimating general equilibrium multipliers: With application to credit markets},
  author={Mian, Atif and Sarto, Andr{\'e}s and Sufi, Amir},
  journal={Working Paper},
  year={2019}
}

@inproceedings{greenwald2021credit,
  title={The credit line channel},
  author={Greenwald, Daniel L and Krainer, John and Paul, Pascal},
  year={2021},
  organization={Federal Reserve Bank of San Francisco}
}

@article{huremovic2020production,
  title={Production and financial networks in interplay: Crisis evidence from supplier-customer and credit registers},
  author={Huremovic, Kenan and Jim{\'e}nez, Gabriel and Moral-Benito, Enrique and Vega-Redondo, Fernando and Peydr{\'o}, Jos{\'e}-Luis and others},
  year={2020},
  publisher={Kiel, Hamburg: ZBW--Leibniz Information Centre for Economics}
}


@article{woodford2011simple,
  title={Simple analytics of the government expenditure multiplier},
  author={Woodford, Michael},
  journal={American Economic Journal: Macroeconomics},
  volume={3},
  number={1},
  pages={1--35},
  year={2011}
}

@incollection{farhi2016fiscal,
  title={Fiscal multipliers: Liquidity traps and currency unions},
  author={Farhi, Emmanuel and Werning, Iv{\'a}n},
  booktitle={Handbook of macroeconomics},
  volume={2},
  pages={2417--2492},
  year={2016},
  publisher={Elsevier}
}